@misc{PL_complex_introduction,
  author = {Wikipedia},
  title = {{Proteinâ€“ligand complex}},
  howpublished = "\href{https://en.wikipedia.org/wiki/Protein%E2%80%93ligand_complex}{Link}",
  note = "[Online; accessed 24-June-2021]"
}

@misc{genetic_algorithm,
  author = {Jason Brownlee},
  title = {{Simple Genetic Algorithm From scratch}},
  howpublished = "\href{https://machinelearningmastery.com/simple-genetic-algorithm-from-scratch-in-python/}{Link}",
  note = "[Online; accessed 28-June-2021]"
}